<?xml version="1.0" encoding="UTF-8"?><collection xmlns="http://www.loc.gov/MARC21/slim"><record><leader>00600nam--2200205-i-4500</leader><controlfield tag="001">000047976</controlfield><controlfield tag="002">20161230</controlfield><controlfield tag="005">20170126010554</controlfield><controlfield tag="008">060222s1000------------r-----000-0-spa-d</controlfield><datafield ind1=" " ind2=" " tag="040"><subfield code="a">IFIN-HH</subfield></datafield><datafield ind1=" " ind2=" " tag="041"><subfield code="a">spa</subfield></datafield><datafield ind1=" " ind2=" " tag="080"><subfield code="a">535:535.338:53.07:5.082.5</subfield></datafield><datafield ind1="1" ind2=" " tag="100"><subfield code="a">Zaidel, A. N</subfield></datafield><datafield ind1="1" ind2="0" tag="245"><subfield code="a">Tecnica y practica de espectroscopia</subfield><subfield code="c">A.n. Zidel; G.V. Ostrovskaya; Yu.I. Ostrovski</subfield></datafield><datafield ind1=" " ind2=" " tag="260"><subfield code="a">Moscu</subfield><subfield code="b">Mir</subfield><subfield code="c">1979</subfield></datafield><datafield ind1=" " ind2=" " tag="300"><subfield code="a">551 p</subfield></datafield><datafield ind1=" " ind2=" " tag="500"><subfield code="a">Titlul original in limba rusa: Tehnika i praktika spektroskopii</subfield></datafield><datafield ind1="1" ind2=" " tag="700"><subfield code="a">Ostrovski, Yu. I</subfield></datafield><datafield ind1=" " ind2=" " tag="852"><subfield code="a">48575</subfield><subfield code="c">535.33</subfield></datafield><datafield ind1=" " ind2=" " tag="CAT"><subfield code="a">SYS</subfield><subfield code="c">20170126</subfield><subfield code="h">010554</subfield></datafield></record></collection>